@inproceedings{Huang:CIKM,
 author = {Huang, Po-Sen and He, Xiaodong and Gao, Jianfeng and Deng, Li and Acero, Alex and Heck, Larry},
 title = {Learning Deep Structured Semantic Models for Web Search Using Clickthrough Data},
 booktitle = {Proceedings of the 22Nd ACM International Conference on Information \& Knowledge Management},
 series = {CIKM '13},
 year = {2013},
 isbn = {978-1-4503-2263-8},
 location = {San Francisco, California, USA},
 pages = {2333--2338},
 numpages = {6},
 url = {http://doi.acm.org/10.1145/2505515.2505665},
 doi = {10.1145/2505515.2505665},
 acmid = {2505665},
 publisher = {ACM},
 address = {New York, NY, USA},
 keywords = {clickthrough data, deep learning, semantic model, web search},
} 


@ARTICLE{zimmerman:code:search,
author={M. Robillard and R. Walker and T. Zimmermann},
journal={IEEE Software},
title={Recommendation Systems for Software Engineering},
year={2010},
volume={27},
number={4},
pages={80-86},
keywords={recommender systems;software tools;bug reports;information space;recommendation system;software development;software engineering;software tool;time seeking information;value-producing task;coding tools and techniques;design tools and techniques;development tools;programming environments;software construction tools;software engineering},
doi={10.1109/MS.2009.161},
ISSN={0740-7459},
month={July},}

@inproceedings{Google:SoftwareReuse,
 author = {Bauer, Veronika and Eckhardt, Jonas and Hauptmann, Benedikt and Klimek, Manuel},
 title = {An Exploratory Study on Reuse at Google},
 booktitle = {Proceedings of the 1st International Workshop on Software Engineering Research and Industrial Practices},
 series = {SER\&\#38;IPs 2014},
 year = {2014},
 isbn = {978-1-4503-2859-3},
 location = {Hyderabad, India},
 pages = {14--23},
 numpages = {10},
 url = {http://doi.acm.org/10.1145/2593850.2593854},
 doi = {10.1145/2593850.2593854},
 acmid = {2593854},
 publisher = {ACM},
 address = {New York, NY, USA},
 keywords = {Case study, Empirical, Industrial, Practice, Reuse, Software},
} 

@inproceedings{Grechanik:Exemplar,
 author = {Grechanik, Mark and Fu, Chen and Xie, Qing and McMillan, Collin and Poshyvanyk, Denys and Cumby, Chad},
 title = {A Search Engine for Finding Highly Relevant Applications},
 booktitle = {Proceedings of the 32Nd ACM/IEEE International Conference on Software Engineering - Volume 1},
 series = {ICSE '10},
 year = {2010},
 isbn = {978-1-60558-719-6},
 location = {Cape Town, South Africa},
 pages = {475--484},
 numpages = {10},
 url = {http://doi.acm.org/10.1145/1806799.1806868},
 doi = {10.1145/1806799.1806868},
 acmid = {1806868},
 publisher = {ACM},
 address = {New York, NY, USA},
} 

@article{Lim:Reuse:Quality,
 author = {Lim, Wayne C.},
 title = {Effects of Reuse on Quality, Productivity, and Economics},
 journal = {IEEE Softw.},
 issue_date = {September 1994},
 volume = {11},
 number = {5},
 month = sep,
 year = {1994},
 issn = {0740-7459},
 pages = {23--30},
 numpages = {8},
 url = {http://dx.doi.org/10.1109/52.311048},
 doi = {10.1109/52.311048},
 acmid = {625375},
 publisher = {IEEE Computer Society Press},
 address = {Los Alamitos, CA, USA},
 keywords = {Hewlett-Packard, critical path, economic analysis method, economics, leveraged reuse, metrics, multiple reuse programs, productivity, project management, quality, reusable work products, reuse library, reuse programs, reuse tools, software metrics, software quality, software reusability, software reuse, software-development process, time-to-market},
} 

@article{Reuse:Aspects:Frakes,
 author = {Frakes, William and Terry, Carol},
 title = {Software Reuse: Metrics and Models},
 journal = {ACM Comput. Surv.},
 issue_date = {June 1996},
 volume = {28},
 number = {2},
 month = jun,
 year = {1996},
 issn = {0360-0300},
 pages = {415--435},
 numpages = {21},
 url = {http://doi.acm.org/10.1145/234528.234531},
 doi = {10.1145/234528.234531},
 acmid = {234531},
 publisher = {ACM},
 address = {New York, NY, USA},
 keywords = {cost-benefit analysis, definitions, economics, maturity assessment, models, object-oriented, productivity, quality, reusability, reusability assessment, reuse, reuse level, reuse library metrics, software, software reuse failure modes model},
} 




@inproceedings{gao:interesting:emnlp,
  author    = {Jianfeng Gao and
               Patrick Pantel and
               Michael Gamon and
               Xiaodong He and
               Li Deng},
  title     = {Modeling Interestingness with Deep Neural Networks},
  booktitle = {Proceedings of the 2014 Conference on Empirical Methods in Natural
               Language Processing, {EMNLP} 2014, October 25-29, 2014, Doha, Qatar,
               {A} meeting of SIGDAT, a Special Interest Group of the {ACL}},
  pages     = {2--13},
  year      = {2014}
}

%Yelong Shen, Xiaodong He, Jianfeng Gao, Li Deng, Gregoire Mesnil. 2014. A latent semantic model with convolutional-pooling structure for information retrieval. In CIKM, Nov, 2014. [PDF]


@inproceedings{wen:yih:semantic:parsing,
  author    = {Wen{-}tau Yih and
               Ming{-}Wei Chang and
               Xiaodong He and
               Jianfeng Gao},
  title     = {Semantic Parsing via Staged Query Graph Generation: Question Answering
               with Knowledge Base},
  booktitle = {Proceedings of the 53rd Annual Meeting of the Association for Computational
               Linguistics and the 7th International Joint Conference on Natural
               Language Processing of the Asian Federation of Natural Language Processing,
               {ACL} 2015, July 26-31, 2015, Beijing, China, Volume 1: Long Papers},
  pages     = {1321--1331},
  year      = {2015}
}

@INPROCEEDINGS{merkl:similarity:related,
author={D. Merkl and A. M. Tjoa and G. Kappel},
booktitle={Software Reuse: Advances in Software Reusability, 1994. Proceedings., Third International Conference on},
title={Learning the semantic similarity of reusable software components},
year={1994},
pages={33-41},
keywords={information retrieval;neural nets;software reusability;subroutines;unsupervised learning;artificial neural network;functional similarity;retrieval process;reusable software components;semantic relationship;semantic similarity;software reuse;structured library;structured software libraries;unsupervised learning;Application software;Artificial neural networks;Computer science;Organizing;Productivity;Software libraries;Software quality;Software reusability;Software testing;Unsupervised learning},
doi={10.1109/ICSR.1994.365813},
month={Nov},}

@article{Srinivas:similarity:related,
title = "Software Component Clustering and Classification Using Novel Similarity Measure ",
journal = "Procedia Technology ",
volume = "19",
number = "",
pages = "866 - 873",
year = "2015",
note = "8th International Conference Interdisciplinarity in Engineering, INTER-ENG 2014, 9-10 October 2014, Tirgu Mures, Romania ",
issn = "2212-0173",
doi = "http://dx.doi.org/10.1016/j.protcy.2015.02.124",
url = "http://www.sciencedirect.com/science/article/pii/S2212017315001255",
author = "Chintakindi Srinivas and Vangipuram Radhakrishna and C.V. Guru Rao",
keywords = "software components",
keywords = "similarity",
keywords = "component vector",
keywords = "clustering. "
}

@ARTICLE{mojica:similarity:related,
author={I. J. Mojica and B. Adams and M. Nagappan and S. Dienst and T. Berger and A. E. Hassan},
journal={IEEE Software},
title={A Large-Scale Empirical Study on Software Reuse in Mobile Apps},
year={2014},
volume={31},
number={2},
pages={78-86},
keywords={Android (operating system);mobile computing;software libraries;software quality;software reusability;Android apps;app quality;library quality;mobile app developers;mobile app stores;software engineering practices;software reuse;Androids;Computer applications;Humanoid robots;Large-scale systems;Mobile communication;Mobile computing;Next generation networking;Smart phones;Software reusability;Android;mobile apps;software reuse},
doi={10.1109/MS.2013.142},
ISSN={0740-7459},
month={Mar},}

@article{Kuhn:simialrity:related,
title = "Semantic clustering: Identifying topics in source code ",
journal = "Information and Software Technology ",
volume = "49",
number = "3",
pages = "230 - 243",
year = "2007",
note = "12th Working Conference on Reverse Engineering ",
issn = "0950-5849",
doi = "http://dx.doi.org/10.1016/j.infsof.2006.10.017",
url = "http://www.sciencedirect.com/science/article/pii/S0950584906001820",
author = "Adrian Kuhn and Stéphane Ducasse and Tudor Gîrba",
keywords = "Reverse engineering",
keywords = "Clustering",
keywords = "Latent Semantic Indexing",
keywords = "Visualization "
}

@INPROCEEDINGS{kuhn:sim:re:related,
author={A. Kuhn and S. Ducasse and T. Girba},
booktitle={Reverse Engineering, 12th Working Conference on},
title={Enriching reverse engineering with semantic clustering},
year={2005},
pages={10 pp.-},
keywords={formal specification;indexing;information retrieval;program diagnostics;programming language semantics;reverse engineering;structured programming;artifacts clustering;information retrieval;latent semantic indexing;reverse engineering;semantic clustering;software system;source code semantic;system structure;Computational modeling;Computer simulation;Indexing;Information analysis;Information retrieval;Large scale integration;Reverse engineering;Software systems;Vocabulary;Web server;clustering;concept location;reverse engineering;semantic analysis},
doi={10.1109/WCRE.2005.16},
ISSN={1095-1350},
month={Nov},}

@inproceedings{asuncion:sim:trace:related,
 author = {Asuncion, Hazeline U. and Asuncion, Arthur U. and Taylor, Richard N.},
 title = {Software Traceability with Topic Modeling},
 booktitle = {Proceedings of the 32Nd ACM/IEEE International Conference on Software Engineering - Volume 1},
 series = {ICSE '10},
 year = {2010},
 isbn = {978-1-60558-719-6},
 location = {Cape Town, South Africa},
 pages = {95--104},
 numpages = {10},
 url = {http://doi.acm.org/10.1145/1806799.1806817},
 doi = {10.1145/1806799.1806817},
 acmid = {1806817},
 publisher = {ACM},
 address = {New York, NY, USA},
 keywords = {latent dirichlet allocation, software architecture, software traceability, topic model},
} 

@article{Kawaguchi:oss:cluster:related,
title = "MUDABlue: An automatic categorization system for Open Source repositories ",
journal = "Journal of Systems and Software ",
volume = "79",
number = "7",
pages = "939 - 953",
year = "2006",
note = "Selected papers from the 11th Asia Pacific Software Engineering Conference (APSEC2004) ",
issn = "0164-1212",
doi = "http://dx.doi.org/10.1016/j.jss.2005.06.044",
url = "http://www.sciencedirect.com/science/article/pii/S0164121205001822",
author = "Shinji Kawaguchi and Pankaj K. Garg and Makoto Matsushita and Katsuro Inoue",
keywords = "Software acquisition",
keywords = "Reusable libraries",
keywords = "Software libraries",
keywords = "Storage",
keywords = "Repositories",
keywords = "Indexing methods",
keywords = "Clustering "
}

@ARTICLE{Cubranic:hipikat:related,
author={D. Cubranic and G. C. Murphy and J. Singer and K. S. Booth},
journal={IEEE Transactions on Software Engineering},
title={Hipikat: a project memory for software development},
year={2005},
volume={31},
number={6},
pages={446-465},
keywords={Java;programming environments;project management;software performance evaluation;software tools;Eclipse Java IDE;Eclipse software;Hipikat tool;learning aid;project memory;recommerider system;software artifacts;software development;software development project;software modification task;user studies;Computer Society;Employee welfare;Java;Performance evaluation;Programming;Recommender systems;Software performance;Software systems;Software tools;Virtual groups;Index Terms- Software development teams;project memory;recommender system;software artifacts;user studies.},
doi={10.1109/TSE.2005.71},
ISSN={0098-5589},
month={June},}

@inproceedings{Maletic:simila:rel,
 author = {Maletic, Jonathan I. and Marcus, Andrian},
 title = {Supporting Program Comprehension Using Semantic and Structural Information},
 booktitle = {Proceedings of the 23rd International Conference on Software Engineering},
 series = {ICSE '01},
 year = {2001},
 isbn = {0-7695-1050-7},
 location = {Toronto, Ontario, Canada},
 pages = {103--112},
 numpages = {10},
 url = {http://dl.acm.org/citation.cfm?id=381473.381484},
 acmid = {381484},
 publisher = {IEEE Computer Society},
 address = {Washington, DC, USA},
} 

@inproceedings{Kiefer:ontlogy:rel,
 author = {Kiefer, Christoph and Bernstein, Abraham and Tappolet, Jonas},
 title = {Mining Software Repositories with iSPAROL and a Software Evolution Ontology},
 booktitle = {Proceedings of the Fourth International Workshop on Mining Software Repositories},
 series = {MSR '07},
 year = {2007},
 isbn = {0-7695-2950-X},
 pages = {10--},
 url = {http://dx.doi.org/10.1109/MSR.2007.21},
 doi = {10.1109/MSR.2007.21},
 acmid = {1269048},
 publisher = {IEEE Computer Society},
 address = {Washington, DC, USA},
} 

@INPROCEEDINGS{jalbert:bug:related,
author={N. Jalbert and W. Weimer},
booktitle={Dependable Systems and Networks With FTCS and DCC, 2008. DSN 2008. IEEE International Conference on},
title={Automated duplicate detection for bug tracking systems},
year={2008},
pages={52-61},
keywords={graph theory;pattern classification;pattern clustering;program debugging;software maintenance;software tools;tracking;automated duplicate bug report detection;graph clustering;software bug tracking system;software development maintenance activity;surface feature;textual semantics;Computer bugs;Costs;Filtering;Open source software;Operating systems;Software maintenance;Software quality;Software systems;Software tools;Spatial databases},
doi={10.1109/DSN.2008.4630070},
month={June},}

@INPROCEEDINGS{marcus:clone:related,
author={A. Marcus and J. I. Maletic},
booktitle={Automated Software Engineering, 2001. (ASE 2001). Proceedings. 16th Annual International Conference on},
title={Identification of high-level concept clones in source code},
year={2001},
pages={107-114},
keywords={abstract data types;computational linguistics;information retrieval;program diagnostics;software reusability;NCSA Mosaic;abstract data types;clone detection;data types;high-level concept clone identification;high-level concepts;information retrieval technique;large software systems;latent semantic indexing;semantic similarities;semantic similarity. measure;similarity measures;source code documents;source code duplication;source code reuse;source code text;static analysis;structural analysis;synergistic methods;Cloning;Computer science;Documentation;Indexing;Information analysis;Information retrieval;Programming profession;Software systems;Wheels},
doi={10.1109/ASE.2001.989796},
ISSN={1938-4300},
month={Nov},}

@ARTICLE{antoniol:link:related,
author={G. Antoniol and G. Canfora and G. Casazza and A. De Lucia and E. Merlo},
journal={IEEE Transactions on Software Engineering},
title={Recovering traceability links between code and documentation},
year={2002},
volume={28},
number={10},
pages={970-983},
keywords={information retrieval;natural languages;object-oriented programming;probability;system documentation;free text documents;information retrieval;object orientation;program comprehension;software system documentation;source code;traceability;traceability link recovery;vector space;Context modeling;Documentation;Information resources;Information retrieval;Inspection;Java;Mathematics;Natural languages;Programming profession;Writing},
doi={10.1109/TSE.2002.1041053},
ISSN={0098-5589},
month={Oct},}

@inproceedings{Yao:reuse:related,
 author = {Yao, Haining and Etzkorn, Letha},
 title = {Towards a Semantic-based Approach for Software Reusable Component Classification and Retrieval},
 booktitle = {Proceedings of the 42Nd Annual Southeast Regional Conference},
 series = {ACM-SE 42},
 year = {2004},
 isbn = {1-58113-870-9},
 location = {Huntsville, Alabama},
 pages = {110--115},
 numpages = {6},
 url = {http://doi.acm.org/10.1145/986537.986564},
 doi = {10.1145/986537.986564},
 acmid = {986564},
 publisher = {ACM},
 address = {New York, NY, USA},
 keywords = {domain knowledge base, ontology, reusable library, reuse repository, semantic matchmaking, system develop},
} 

@inproceedings{parnin:MRI:brain:programming,
 author = {Siegmund, Janet and K\"{a}stner, Christian and Apel, Sven and Parnin, Chris and Bethmann, Anja and Leich, Thomas and Saake, Gunter and Brechmann, Andr{\'e}},
 title = {Understanding Understanding Source Code with Functional Magnetic Resonance Imaging},
 booktitle = {Proceedings of the 36th International Conference on Software Engineering},
 series = {ICSE 2014},
 year = {2014},
 isbn = {978-1-4503-2756-5},
 location = {Hyderabad, India},
 pages = {378--389},
 numpages = {12},
 url = {http://doi.acm.org/10.1145/2568225.2568252},
 doi = {10.1145/2568225.2568252},
 acmid = {2568252},
 publisher = {ACM},
 address = {New York, NY, USA},
 keywords = {Functional magnetic resonance imaging, program comprehension},
} 











